# One handed interaction
@misc{hakka2020design,
  title={Design and Investigation of One-Handed Interaction Techniques for Single-Touch Gestures},
  author={Hakka, Kyohei and Ikeda, Ryo and Shizuki, Buntarou},
  year={2020}
}

@article{lee2019investigating,
  title={Investigating smartphone touch area with one-handed interaction: Effects of target distance and direction on touch behaviors},
  author={Lee, Seul Chan and Cha, Min Chul and Ji, Yong Gu},
  journal={International Journal of Human--Computer Interaction},
  volume={35},
  number={16},
  pages={1532--1543},
  year={2019},
  publisher={Taylor \& Francis}
}

@inproceedings{ikeda2021hover,
  title={Hover-Based Reachability Technique for Executing Single-Touch Gesture on Smartphone},
  author={Ikeda, Ryo and Hakka, Kyohei and Shizuki, Buntarou},
  booktitle={Asian CHI Symposium 2021},
  pages={9--15},
  year={2021}
}

@inproceedings{voelker2020headreach,
  title={HeadReach: Using Head Tracking to Increase Reachability on Mobile Touch Devices},
  author={Voelker, Simon and Hueber, Sebastian and Corsten, Christian and Remy, Christian},
  booktitle={Proceedings of the 2020 CHI Conference on Human Factors in Computing Systems},
  pages={1--12},
  year={2020}
}

@misc{samsung2021onehand,
    title={Using One Handed Mode on my Samsung Phone},
    author={Samsung},
    year={2021},
    url={https://www.samsung.com/au/support/mobile-devices/using-one-handed-mode/},
    urldate = {2022/04/01}
}

# Additional Input modalities
@article{rakkolainen2021technologies,
  title={Technologies for Multimodal Interaction in Extended Realityâ€”A Scoping Review},
  author={Rakkolainen, Ismo and Farooq, Ahmed and Kangas, Jari and Hakulinen, Jaakko and Rantala, Jussi and Turunen, Markku and Raisamo, Roope},
  journal={Multimodal Technologies and Interaction},
  volume={5},
  number={12},
  pages={81},
  year={2021},
  publisher={Multidisciplinary Digital Publishing Institute}
}

@inproceedings{williamson2011multimodal,
  title={Multimodal mobile interactions: usability studies in real world settings},
  author={Williamson, Julie R and Crossan, Andrew and Brewster, Stephen},
  booktitle={Proceedings of the 13th international conference on multimodal interfaces},
  pages={361--368},
  year={2011}
}

## Gaze
@inproceedings{lutteroth2015gaze,
  title={Gaze vs. mouse: A fast and accurate gaze-only click alternative},
  author={Lutteroth, Christof and Penkar, Moiz and Weber, Gerald},
  booktitle={Proceedings of the 28th annual ACM symposium on user interface software \& technology},
  pages={385--394},
  year={2015}
}

## Head
@inproceedings{vspakov2016comparison,
  title={Comparison of three implementations of HeadTurn: a multimodal interaction technique with gaze and head turns},
  author={{\v{S}}pakov, Oleg and Isokoski, Poika and Kangas, Jari and Rantala, Jussi and Akkil, Deepak and Raisamo, Roope},
  booktitle={Proceedings of the 18th ACM International Conference on Multimodal Interaction},
  pages={289--296},
  year={2016}
}

@inproceedings{hueber2020headbang,
  title={Headbang: Using head gestures to trigger discrete actions on mobile devices},
  author={Hueber, Sebastian and Cherek, Christian and Wacker, Philipp and Borchers, Jan and Voelker, Simon},
  booktitle={22nd International Conference on Human-Computer Interaction with Mobile Devices and Services},
  pages={1--10},
  year={2020}
}

@article{yan2018headgesture,
  title={Headgesture: hands-free input approach leveraging head movements for hmd devices},
  author={Yan, Yukang and Yu, Chun and Yi, Xin and Shi, Yuanchun},
  journal={Proceedings of the ACM on Interactive, Mobile, Wearable and Ubiquitous Technologies},
  volume={2},
  number={4},
  pages={1--23},
  year={2018},
  publisher={ACM New York, NY, USA}
}

@inproceedings{crossan2009head,
  title={Head tilting for interaction in mobile contexts},
  author={Crossan, Andrew and McGill, Mark and Brewster, Stephen and Murray-Smith, Roderick},
  booktitle={Proceedings of the 11th International Conference on Human-Computer Interaction with Mobile Devices and Services},
  pages={1--10},
  year={2009}
}

@inproceedings{roig2015face,
  title={Face Me! Head-tracker interface evaluation on mobile devices},
  author={Roig-Maim{\'o}, Maria Francesca and Varona G{\'o}mez, Javier and Manresa-Yee, Cristina},
  booktitle={Proceedings of the 33rd Annual ACM Conference Extended Abstracts on Human Factors in Computing Systems},
  pages={1573--1578},
  year={2015}
}

# Adapting display to user perspective
# this is def something to ref, as shows 'internal 3D display on screen that shifts w/ perspective
@inproceedings{francone2011using,
  title={Using the user's point of view for interaction on mobile devices},
  author={Francone, J{\'e}r{\'e}mie and Nigay, Laurence},
  booktitle={Proceedings of the 23rd Conference on l'Interaction Homme-Machine},
  pages={1--8},
  year={2011}
}

@inproceedings{lopez2012head,
  title={Head-tracking virtual 3-D display for mobile devices},
  author={L{\'o}pez, Miguel Bordallo and Hannuksela, Jari and Silv{\'e}n, Olli and Fan, Lixin},
  booktitle={2012 IEEE Computer Society Conference on Computer Vision and Pattern Recognition Workshops},
  pages={27--34},
  year={2012},
  organization={IEEE}
}

@inproceedings{bailly2019head,
  title={Head-Controlled Menu in Mixed Reality with a HMD},
  author={Bailly, Charles and Leitner, Fran{\c{c}}ois and Nigay, Laurence},
  booktitle={IFIP Conference on Human-Computer Interaction},
  pages={395--415},
  year={2019},
  organization={Springer}
}
