

@inproceedings{Stra:17:Combinat:qf,
	Author = {Stra{\ss}burger, Lutz},
	Booktitle = {2nd International Conference on Formal Structures for Computation and Deduction (FSCD)},
	Date-Added = {2017-09-17 17:09:01 +0000},
	Date-Modified = {2017-09-17 17:13:02 +0000},
	Doi = {10.4230/LIPIcs.FSCD.2017.31},
	Editor = {Miller, Dale},
	Keywords = {deep inference},
	Pages = {31:1--17},
	Publisher = {Schloss Dagstuhl--Leibniz-Zentrum f{\"u}r Informatik},
	Series = {Leibniz International Proceedings in Informatics (LIPIcs)},
	Title = {Combinatorial Flows and Their Normalisation},
	Url = {http://drops.dagstuhl.de/opus/volltexte/2017/7720/pdf/LIPIcs-FSCD-2017-31.pdf},
	Volume = {84},
	Year = {2017},
	Bdsk-Url-1 = {http://drops.dagstuhl.de/opus/volltexte/2017/7720/pdf/LIPIcs-FSCD-2017-31.pdf},
	Bdsk-Url-2 = {http://dx.doi.org/10.4230/LIPIcs.FSCD.2017.31}}

@inproceedings{Brun:03:Atomic-C:oz,
	Author = {Br{\"u}nnler, Kai},
	Booktitle = {Computer Science Logic (CSL)},
	Date-Modified = {2016-12-31 10:10:46 +0000},
	Doi = {10.1007/978-3-540-45220-1\_9},
	Editor = {M. Baaz and J. A. Makowsky},
	Keywords = {deep inference},
	Pages = {86--97},
	Publisher = {Springer},
	Series = {Lecture Notes in Computer Science},
	Title = {Atomic Cut Elimination for Classical Logic},
	Url = {http://cs.bath.ac.uk/ag/kai/ace.pdf},
	Volume = 2803,
	Year = 2003,
	Bdsk-Url-1 = {http://cs.bath.ac.uk/ag/kai/ace.pdf}}
